<record xmlns="http://www.loc.gov/MARC21/slim" xmlns:xsi="http://www.w3.org/2001/XMLSchema-instance" xsi:schemaLocation="http://www.loc.gov/MARC21/slim http://www.loc.gov/standards/marcxml/schema/MARC21slim.xsd"><leader>01485nam a2200301   4500</leader><controlfield tag="001">002854079</controlfield><controlfield tag="003">NNU</controlfield><controlfield tag="006">m        d        </controlfield><controlfield tag="007">cr cn |||m|||a</controlfield><controlfield tag="008">150222m18751895ua      o     000 0 ara d</controlfield><datafield ind1=" " ind2=" " tag="040"><subfield code="a">NNU</subfield><subfield code="b">eng</subfield><subfield code="c">NNU</subfield></datafield><datafield ind1=" " ind2="4" tag="050"><subfield code="a">PJ7760.I37</subfield><subfield code="b">M8</subfield></datafield><datafield ind1="1" ind2=" " tag="100"><subfield code="6">880-01</subfield><subfield code="a">Ibshi&#772;hi&#772;, Muh&#803;ammad ibn Ah&#803;mad,</subfield><subfield code="d">1388-approximately 1446.</subfield></datafield><datafield ind1="1" ind2="3" tag="245"><subfield code="6">880-02</subfield><subfield code="a">al-Mustat&#803;raf fi&#772; kull mustas&#803;raf</subfield><subfield code="h">[electronic resource] /</subfield><subfield code="c">ta&#700;li&#772;f Shiha&#772;b al-Di&#772;n Ah&#803;mad al-Ibshi&#772;hi&#772;.</subfield></datafield><datafield ind1=" " ind2=" " tag="260"><subfield code="6">880-03</subfield><subfield code="a">[Mis&#803;r :</subfield><subfield code="b">s.n.] ,</subfield><subfield code="c">1875-1895.</subfield></datafield><datafield ind1=" " ind2=" " tag="300"><subfield code="a">online resource (3 v. in 1)</subfield></datafield><datafield ind1=" " ind2=" " tag="500"><subfield code="a">Part of the Arabic Collections Online (ACO) project, contributed by New York Univeristy Libraries.</subfield></datafield><datafield ind1=" " ind2=" " tag="533"><subfield code="a">Electronic reproduction.</subfield><subfield code="b">New York, N.Y. :</subfield><subfield code="c">New York University,</subfield><subfield code="d">2015.</subfield><subfield code="5">NNU</subfield></datafield><datafield ind1=" " ind2="0" tag="650"><subfield code="a">Arabic literature &#450;x Humor.</subfield></datafield><datafield ind1="2" ind2=" " tag="710"><subfield code="a">New York University.</subfield><subfield code="b">Libraries.</subfield></datafield><datafield ind1="0" ind2=" " tag="730"><subfield code="a">Arabic Collections Online.</subfield></datafield><datafield ind1="0" ind2="8" tag="776"><subfield code="i">Print version:</subfield><subfield code="a">Ibshi&#772;hi&#772;, Muh&#803;ammad ibn Ah&#803;mad, 1388-approximately 1446.</subfield><subfield code="t">al-Mustat&#803;raf fi&#772; kull mustas&#803;raf</subfield><subfield code="w">(NNU)002854079</subfield></datafield><datafield ind1="4" ind2="0" tag="856"><subfield code="u">http://hdl.handle.net/2333.1/z34tmrdf</subfield></datafield><datafield ind1="1" ind2=" " tag="880"><subfield code="6">100-01/</subfield><subfield code="a">&#1575;&#1576;&#1588;&#1610;&#1607;&#1610;&#1548; &#1605;&#1581;&#1605;&#1583; &#1576;&#1606; &#1575;&#1581;&#1605;&#1583;&#1548;</subfield><subfield code="d">1388-approximately 1446.</subfield></datafield><datafield ind1="1" ind2="2" tag="880"><subfield code="6">245-02/</subfield><subfield code="a">&#1575;&#1604;&#1605;&#1587;&#1578;&#1591;&#1585;&#1601; &#1601;&#1610; &#1603;&#1604; &#1605;&#1587;&#1578;&#1589;&#1585;&#1601; /</subfield><subfield code="c">&#1578;&#1571;&#1604;&#1610;&#1601; &#1588;&#1607;&#1575;&#1576; &#1575;&#1604;&#1583;&#1610;&#1606; &#1575;&#1581;&#1605;&#1583; &#1575;&#1604;&#1575;&#1576;&#1588;&#1610;&#1607;&#1610;.</subfield></datafield><datafield ind1=" " ind2=" " tag="880"><subfield code="6">260-03/</subfield><subfield code="a">[&#1605;&#1589;&#1585; :</subfield><subfield code="b">s.n.] &#1548;</subfield><subfield code="c">1875-1895.</subfield></datafield><datafield ind1=" " ind2=" " tag="959"><subfield code="a">NNU</subfield><subfield code="b">WEB</subfield><subfield code="c">GENI</subfield><subfield code="t">0</subfield><subfield code="m">Electronic access</subfield><subfield code="s">01</subfield></datafield><datafield ind1=" " ind2=" " tag="999"><subfield code="i">NNU_002854079</subfield><subfield code="s">nyu_aco000379</subfield></datafield></record>